@misc{martnezlvarez2020coronavirus,
    title={Coronavirus Optimization Algorithm: A bioinspired metaheuristic based on the COVID-19 propagation model},
    author={F. Martínez-Álvarez and G. Asencio-Cortés and J. F. Torres and D. Gutiérrez-Avilés and L. Melgar-García and R. Pérez-Chacón and C. Rubio-Escudero and J. C. Riquelme and A. Troncoso},
    year={2020},
    eprint={2003.13633},
    archivePrefix={arXiv},
    primaryClass={cs.AI}
}
